@inproceedings{kdd05-ttm,
  added-at = {2009-02-23T16:43:09.000+0100},
  author = {Mei, Qiaozhu and Zhai, ChengXiang},
  biburl = {http://www.bibsonomy.org/bibtex/2356f5e1d899196a46d97a84c13156636/snarc},
  booktitle = {Proc. of KDD'05},
  interhash = {c2bf977fd34546bb1072183aa61d141a},
  intrahash = {356f5e1d899196a46d97a84c13156636},
  keywords = {imported},
  pages = {198-207},
  timestamp = {2009-02-23T16:43:21.000+0100},
  title = {Discovering evolutionary theme patterns from text: An exploration of temporal text mining},
  year = 2005
}